<record xmlns="http://www.openarchives.org/OAI/2.0/" xmlns:xsi="http://www.w3.org/2001/XMLSchema-instance">
  <header>
    <identifier>oai:www.openaccessrepository.it:7228</identifier>
    <datestamp>2016-06-29T14:35:15Z</datestamp>
    <setSpec>dataset:aleph</setSpec>
    <setSpec>openaire</setSpec>
  </header>
  <metadata>irods://data.repo.cineca.it:1247/CINECA01/home/DRES_EUDalep/dati/ZD4001.93.AL,11100/09226fb0-cbea-11e3-9a66-e41f13eb41b2eng<marc:record xmlns:marc="http://www.loc.gov/MARC21/slim" xmlns:xsi="http://www.w3.org/2001/XMLSchema-instance" xsi:schemaLocation="http://www.loc.gov/MARC21/slim http://www.loc.gov/standards/marcxml/schema/MARC21slim.xsd" type="Bibliographic"><marc:leader>00000coc  2200000uu 4500</marc:leader><marc:controlfield tag="001">7228</marc:controlfield><marc:controlfield tag="005">20160629143515.0</marc:controlfield><marc:datafield tag="024" ind1="7" ind2=" "><marc:subfield code="2">Handle</marc:subfield><marc:subfield code="a">irods://data.repo.cineca.it:1247/CINECA01/home/DRES_EUDalep/dati/ZD4001.93.AL,11100/09226fb0-cbea-11e3-9a66-e41f13eb41b2</marc:subfield></marc:datafield><marc:datafield tag="695" ind1=" " ind2=" "><marc:subfield code="2">HEP CERN LEP ALEPH MINI RealData 2000</marc:subfield></marc:datafield><marc:datafield tag="980" ind1=" " ind2=" "><marc:subfield code="a">DATASETREALDATA</marc:subfield></marc:datafield><marc:datafield tag="999" ind1=" " ind2=" "><marc:subfield code="9">Marcello Maggi</marc:subfield><marc:subfield code="c">731109976</marc:subfield><marc:subfield code="s">340425000</marc:subfield></marc:datafield><marc:datafield tag="999" ind1="C" ind2="5"><marc:subfield code="t">Search for neutral Higgs bosons decaying into four taus at LEP2</marc:subfield><marc:subfield code="a">10.1007/JHEP05(2010)049</marc:subfield><marc:subfield code="y">2010</marc:subfield><marc:subfield code="o">[1]</marc:subfield><marc:subfield code="r">PUBLICATIONINFN-2014-001</marc:subfield><marc:subfield code="o">[1]</marc:subfield></marc:datafield><marc:datafield tag="999" ind1="C" ind2="5"><marc:subfield code="a">10.5072/oar.it/1411041136.04 </marc:subfield><marc:subfield code="t">ALEPH SCL5 Virtual Machine for Research Environment</marc:subfield><marc:subfield code="r">SOFTWAREALEPH-2014-001</marc:subfield><marc:subfield code="o">[2]</marc:subfield></marc:datafield><marc:datafield tag="710" ind1=" " ind2=" "><marc:subfield code="g">ALEPH Collaboration</marc:subfield></marc:datafield><marc:datafield tag="856" ind1="4" ind2=" "><marc:subfield code="u">irods://data.repo.cineca.it:1247/CINECA01/home/DRES_EUDalep/dati/ZD4001.93.AL</marc:subfield><marc:subfield code="y">ALEPH</marc:subfield></marc:datafield><marc:datafield tag="909" ind1="C" ind2="O"><marc:subfield code="o">oai:www.openaccessrepository.it:7228</marc:subfield><marc:subfield code="p">openaire</marc:subfield><marc:subfield code="p">dataset:aleph</marc:subfield></marc:datafield><marc:datafield tag="245" ind1=" " ind2=" "><marc:subfield code="9">ALEPH</marc:subfield><marc:subfield code="a">LEP Data from The ALEPH Collaboration year 2000 datafile ZD4001.93.AL</marc:subfield></marc:datafield><marc:datafield tag="260" ind1=" " ind2=" "><marc:subfield code="c">2014-09-01</marc:subfield></marc:datafield><marc:datafield tag="520" ind1=" " ind2=" "><marc:subfield code="9">ALEPH</marc:subfield><marc:subfield code="a">Run contents for this data file &lt;table border="1"&gt; &lt;tr&gt; &lt;th&gt;Run #&lt;/th&gt;&lt;th&gt;Nevents&lt;/th&gt;&lt;th&gt;Length (Mb)&lt;/th&gt;&lt;th&gt;LEP energy&lt;/th&gt;&lt;th&gt;Nb of Z0s&lt;/th&gt;&lt;/tr&gt; &lt;tr&gt; &lt;td&gt;45231&lt;/td&gt;&lt;td&gt;8811&lt;/td&gt;&lt;td&gt;42.049&lt;/td&gt;&lt;td&gt;91.282&lt;/td&gt;&lt;td&gt;1193&lt;/td&gt;&lt;/tr&gt; &lt;tr&gt; &lt;td&gt;45232&lt;/td&gt;&lt;td&gt;8257&lt;/td&gt;&lt;td&gt;38.572&lt;/td&gt;&lt;td&gt;91.261&lt;/td&gt;&lt;td&gt;1085&lt;/td&gt;&lt;/tr&gt; &lt;tr&gt; &lt;td&gt;45233&lt;/td&gt;&lt;td&gt;5283&lt;/td&gt;&lt;td&gt;23.202&lt;/td&gt;&lt;td&gt;91.263&lt;/td&gt;&lt;td&gt;647&lt;/td&gt;&lt;/tr&gt; &lt;tr&gt; &lt;td&gt;45236&lt;/td&gt;&lt;td&gt;763&lt;/td&gt;&lt;td&gt;3.268&lt;/td&gt;&lt;td&gt;91.366&lt;/td&gt;&lt;td&gt;90&lt;/td&gt;&lt;/tr&gt; &lt;tr&gt; &lt;td&gt;45239&lt;/td&gt;&lt;td&gt;11582&lt;/td&gt;&lt;td&gt;49.932&lt;/td&gt;&lt;td&gt;91.385&lt;/td&gt;&lt;td&gt;1351&lt;/td&gt;&lt;/tr&gt; &lt;tr&gt; &lt;td&gt;45240&lt;/td&gt;&lt;td&gt;3216&lt;/td&gt;&lt;td&gt;14.216&lt;/td&gt;&lt;td&gt;91.386&lt;/td&gt;&lt;td&gt;400&lt;/td&gt;&lt;/tr&gt; &lt;tr&gt; &lt;td&gt;45242&lt;/td&gt;&lt;td&gt;10403&lt;/td&gt;&lt;td&gt;49.864&lt;/td&gt;&lt;td&gt;91.382&lt;/td&gt;&lt;td&gt;1467&lt;/td&gt;&lt;/tr&gt; &lt;tr&gt; &lt;td&gt;45243&lt;/td&gt;&lt;td&gt;10179&lt;/td&gt;&lt;td&gt;48.533&lt;/td&gt;&lt;td&gt;91.382&lt;/td&gt;&lt;td&gt;1442&lt;/td&gt;&lt;/tr&gt; &lt;tr&gt; &lt;td&gt;45244&lt;/td&gt;&lt;td&gt;8240&lt;/td&gt;&lt;td&gt;33.332&lt;/td&gt;&lt;td&gt;91.384&lt;/td&gt;&lt;td&gt;937&lt;/td&gt;&lt;/tr&gt; &lt;tr&gt; &lt;td&gt;45245&lt;/td&gt;&lt;td&gt;8234&lt;/td&gt;&lt;td&gt;36.319&lt;/td&gt;&lt;td&gt;91.320&lt;/td&gt;&lt;td&gt;1047&lt;/td&gt;&lt;/tr&gt; &lt;tr&gt;&lt;/table&gt; Total file length :   305.594 Mbytes</marc:subfield></marc:datafield><marc:datafield tag="500" ind1=" " ind2=" "><marc:subfield code="f">ALEPH - INFN</marc:subfield></marc:datafield><marc:datafield tag="650" ind1="1" ind2="7"><marc:subfield code="a">High Energy Physics</marc:subfield></marc:datafield><marc:datafield tag="269" ind1=" " ind2=" "><marc:subfield code="c">2000</marc:subfield></marc:datafield><marc:datafield tag="041" ind1=" " ind2=" "><marc:subfield code="a">eng</marc:subfield></marc:datafield><marc:datafield tag="042" ind1=" " ind2=" "><marc:subfield code="a">Researchers</marc:subfield></marc:datafield><marc:datafield tag="043" ind1=" " ind2=" "><marc:subfield code="a">info:eu-repo/semantics/other</marc:subfield></marc:datafield><marc:datafield tag="100" ind1=" " ind2=" "><marc:subfield code="a">Marcello Maggi</marc:subfield></marc:datafield></marc:record>
</metadata>
</record>
